<?xml version="1.0" encoding="UTF-8" ?>
<collection xmlns:xsi="http://www.w3.org/2001/XMLSchema-instance"
    xsi:schemaLocation="http://www.loc.gov/MARC21/slim
        http://www.loc.gov/standards/marcxml/schema/MARC21slim.xsd"
    xmlns="http://www.loc.gov/MARC21/slim">
<record>
  <leader>00222cam a2200409 i 4500</leader>
  <controlfield tag="001">b12315308</controlfield>
  <controlfield tag="003">LeBAU</controlfield>
  <controlfield tag="005">20140526</controlfield>
  <controlfield tag="008">970116s1948    le            ||0 s ara d</controlfield>
  <datafield tag="035" ind1=" " ind2=" ">
    <subfield code="a">ocn784186325</subfield>
  </datafield>
  <datafield tag="040" ind1=" " ind2=" ">
    <subfield code="a">LEAUB</subfield>
    <subfield code="b">ara</subfield>
    <subfield code="e">rda</subfield>
    <subfield code="c">LEAUB</subfield>
    <subfield code="d">LEAUB</subfield>
  </datafield>
  <datafield tag="041" ind1="0" ind2=" ">
    <subfield code="a">ara</subfield>
    <subfield code="a">fre</subfield>
    <subfield code="a">eng</subfield>
  </datafield>
  <datafield tag="082" ind1="0" ind2="4">
    <subfield code="a">060</subfield>
    <subfield code="2">20</subfield>
  </datafield>
  <datafield tag="100" ind1="1" ind2=" ">
    <subfield code="6">880-01</subfield>
    <subfield code="a">Khūrī, Bishārah Khalīl,</subfield>
    <subfield code="d">1890-1964,</subfield>
    <subfield code="e">author.</subfield>
  </datafield>
  <datafield tag="245" ind1="1" ind2="0">
    <subfield code="6">880-02</subfield>
    <subfield code="a">Khiṭāb ḥaḍrat ṣāḥib al-Fakhāmah al-Shaykh Bishārah Khalīl al-Khūrī raʼīs al-Jumhūrīyah al-Lubnānīyah fī ḥaflat al-Istiqbāl al-Rasmī li-mandūbī al-Mu’tamar al-‘Ām al-Thālith li-Munaẓẓamat al-Ūmam al-Muttaḥidah lil-Tarbiyah wa-al-ʻIlm wa-al-Thaqāfah, Bayrūt fī 17 Tishrīn al-Thānī 1948.</subfield>
    <subfield code="b">Discours de son excellence cheikh Béchara khalil el-Khoury président de la République Libanaise prononcé a l'occasion de la cérémonie solennelle de bienvenue en l'honneur des délégués a la 3me session de la conférence générale de l' U.N.E.S.C.O., Beyrouth le 17 Novembre 1948 = Address of his excellency cheikh Bechara khalil el-Khoury president of the Republic of the Lebanon delivered at the formal welcome ceremony in honour of the delegates to the third session of the general conference of the U.N.E.S.C.O., Beirut, 17 November 1948.</subfield>
  </datafield>
  <datafield tag="246" ind1="3" ind2="1">
    <subfield code="a">Discours de son excellence cheikh Béchara khalil el-Khoury président de la République Libanaise prononcé a l'occasion de la cérémonie solennelle de bienvenue en l'honneur des délégués a la 3me session de la conférence générale de l' U.N.E.S.C.O., Beyrouth le 17 Novembre 1948</subfield>
  </datafield>
  <datafield tag="246" ind1="3" ind2="1">
    <subfield code="a">Address of his excellency cheikh Bechara khalil el-Khoury president of the Republic of the Lebanon delivered at the formal welcome ceremony in honour of the delegates to the third session of the general conference of the U.N.E.S.C.O., Beirut, 17 November 1948.</subfield>
  </datafield>
  <datafield tag="264" ind1=" " ind2="1">
    <subfield code="6">880-03</subfield>
    <subfield code="a">Bayrūt :</subfield>
    <subfield code="b">Ūnīskū,</subfield>
    <subfield code="c">1948.</subfield>
  </datafield>
  <datafield tag="300" ind1=" " ind2=" ">
    <subfield code="6">880-04</subfield>
    <subfield code="a">1 volume (unpaged) ;</subfield>
    <subfield code="c">32 cm</subfield>
  </datafield>
  <datafield tag="336" ind1=" " ind2=" ">
    <subfield code="a">text</subfield>
    <subfield code="b">txt</subfield>
    <subfield code="2">rdacontent</subfield>
  </datafield>
  <datafield tag="337" ind1=" " ind2=" ">
    <subfield code="a">unmediated</subfield>
    <subfield code="b">n</subfield>
    <subfield code="2">rdamedia</subfield>
  </datafield>
  <datafield tag="338" ind1=" " ind2=" ">
    <subfield code="a">volume</subfield>
    <subfield code="b">nc</subfield>
    <subfield code="2">rdacarrier</subfield>
  </datafield>
  <datafield tag="546" ind1=" " ind2=" ">
    <subfield code="a">النص بالعربية والفرنسية والانجليزية.</subfield>
  </datafield>
  <datafield tag="600" ind1="1" ind2="4">
    <subfield code="a">الخوري، بشارة خليل،</subfield>
    <subfield code="d">1890-1964</subfield>
    <subfield code="x">خطب.</subfield>
  </datafield>
  <datafield tag="600" ind1="1" ind2="0">
    <subfield code="a">Khūrī, Bishārah Khalīl,</subfield>
    <subfield code="d">1890-1964</subfield>
    <subfield code="x">Speeches.</subfield>
  </datafield>
  <datafield tag="852" ind1=" " ind2=" ">
    <subfield code="a">Jafet Library</subfield>
    <subfield code="e">American University of Beirut, Bliss Street , Beirut, Lebanon.</subfield>
  </datafield>
  <datafield tag="852" ind1=" " ind2=" ">
    <subfield code="a">Jafet Archives and Special Collections</subfield>
    <subfield code="e">American University of Beirut, Bliss Street , Beirut, Lebanon.</subfield>
  </datafield>
  <datafield tag="880" ind1="1" ind2=" ">
    <subfield code="6">100-01/(3/r</subfield>
    <subfield code="a">الخوري، بشارة خليل،</subfield>
    <subfield code="d">1890-1964،</subfield>
    <subfield code="e">مؤلف. </subfield>
    <subfield code="4">aut.</subfield>
  </datafield>
  <datafield tag="880" ind1="1" ind2="0">
    <subfield code="6">245-02/(3/r</subfield>
    <subfield code="a">خطاب حضرة صاحب الفخامة الشيخ بشارة خليل الخوري رئيس الجمهورية اللبنانية في حفلة الاستقبال الرسمي لمندوبي المؤتمر العام الثالث لمنظمة الأمم المتحدة للتربية و العلم و الثقافة، بيروت في 17 تشرين الثاني 1948 =</subfield>
  </datafield>
  <datafield tag="880" ind1=" " ind2="1">
    <subfield code="6">264-03/(3/r</subfield>
    <subfield code="a">بيروت :</subfield>
    <subfield code="b">أونيسكو،</subfield>
    <subfield code="c">1948.</subfield>
  </datafield>
  <datafield tag="880" ind1=" " ind2=" ">
    <subfield code="6">300-04/(3/r</subfield>
    <subfield code="a">1 جزء (دون ترقيم) ؛</subfield>
    <subfield code="c">32 سم</subfield>
  </datafield>
  <datafield tag="907" ind1=" " ind2=" ">
    <subfield code="a">.b12315308</subfield>
    <subfield code="b">16-08-11</subfield>
    <subfield code="c">11-05-24</subfield>
  </datafield>
  <datafield tag="907" ind1=" " ind2=" ">
    <subfield code="a">.b12315308</subfield>
    <subfield code="b">15-10-15</subfield>
    <subfield code="c">11-05-24</subfield>
  </datafield>
  <datafield tag="945" ind1=" " ind2=" ">
    <subfield code="f">CA:F</subfield>
    <subfield code="a">060:K45kA:c.1</subfield>
    <subfield code="g">1</subfield>
    <subfield code="i">01065515</subfield>
    <subfield code="j">.i1274363x</subfield>
    <subfield code="l">u0306</subfield>
  </datafield>
  <datafield tag="945" ind1=" " ind2=" ">
    <subfield code="f">F</subfield>
    <subfield code="a">060:K45kA:c.1</subfield>
    <subfield code="g">1</subfield>
    <subfield code="i">01001021</subfield>
    <subfield code="j">.i12743628</subfield>
    <subfield code="l">u0504</subfield>
  </datafield>
  <datafield tag="998" ind1=" " ind2=" ">
    <subfield code="a">u03</subfield>
    <subfield code="a">u05</subfield>
    <subfield code="b">97-01-16</subfield>
    <subfield code="c">m</subfield>
    <subfield code="d">a</subfield>
    <subfield code="e">-</subfield>
    <subfield code="f">mul</subfield>
    <subfield code="g">le </subfield>
    <subfield code="h">0</subfield>
    <subfield code="i">2</subfield>
  </datafield>
</record>
</collection>
